<record><leader>00000cas a2200000 a 4500</leader><controlfield tag="001">47813395</controlfield><controlfield tag="008">010821u1880uuuunyuuu ne      0    0eng c</controlfield><datafield ind1=" " ind2=" " tag="010"><subfield code="a">sn2001062094</subfield></datafield><datafield ind1=" " ind2=" " tag="040"><subfield code="a">NYS</subfield><subfield code="b">eng</subfield><subfield code="c">NYS</subfield><subfield code="d">OCLCQ</subfield><subfield code="d">OCLCF</subfield><subfield code="d">OCLCO</subfield></datafield><datafield ind1="1" ind2=" " tag="029"><subfield code="a">AU@</subfield><subfield code="b">000022935692</subfield></datafield><datafield ind1=" " ind2=" " tag="042"><subfield code="a">pcc</subfield></datafield><datafield ind1=" " ind2=" " tag="043"><subfield code="a">n-us-ny</subfield></datafield><datafield ind1="0" ind2="0" tag="245"><subfield code="a">Mount Kisco courier.</subfield></datafield><datafield ind1="1" ind2="3" tag="246"><subfield code="a">Mt. Kisco courier</subfield></datafield><datafield ind1=" " ind2=" " tag="260"><subfield code="a">Mount Kisco, N.Y. :</subfield><subfield code="b">William A. Miller</subfield></datafield><datafield ind1=" " ind2=" " tag="300"><subfield code="a">v.</subfield></datafield><datafield ind1="1" ind2=" " tag="362"><subfield code="a">Began in 1880?</subfield></datafield><datafield ind1=" " ind2=" " tag="588"><subfield code="a">Description based on: Vol. 1, no. 19 (Mar. 26, 1881).</subfield></datafield><datafield ind1=" " ind2="0" tag="651"><subfield code="a">Mount Kisco (N.Y.)</subfield><subfield code="v">Newspapers.</subfield></datafield><datafield ind1=" " ind2="0" tag="651"><subfield code="a">Westchester County (N.Y.)</subfield><subfield code="v">Newspapers.</subfield></datafield><datafield ind1=" " ind2="7" tag="655"><subfield code="a">Newspapers.</subfield><subfield code="2">fast</subfield><subfield code="0">(OCoLC)fst01423814</subfield></datafield><datafield ind1=" " ind2="7" tag="651"><subfield code="a">New York (State)</subfield><subfield code="z">Mount Kisco.</subfield><subfield code="2">fast</subfield><subfield code="0">(OCoLC)fst01204258</subfield></datafield><datafield ind1=" " ind2="7" tag="651"><subfield code="a">New York (State)</subfield><subfield code="z">Westchester County.</subfield><subfield code="2">fast</subfield><subfield code="0">(OCoLC)fst01202684</subfield></datafield><datafield ind1=" " ind2=" " tag="752"><subfield code="a">United States</subfield><subfield code="b">New York</subfield><subfield code="c">Westchester</subfield><subfield code="d">Mount Kisco.</subfield></datafield><datafield ind1="0" ind2="0" tag="780"><subfield code="t">Recorder</subfield><subfield code="w">(DLC)sn 83031212</subfield><subfield code="w">(OCoLC)9834103</subfield></datafield><datafield ind1="0" ind2="0" tag="785"><subfield code="t">Mount Kisco Recorder</subfield><subfield code="w">(DLC)sn 85042633</subfield><subfield code="w">(OCoLC)12757347</subfield></datafield></record>